@inproceedings{aop,
 author = {Gregor Kiczales, John Lamping, et al.},
 title = {{A}spect-{O}riented {P}rogramming},
 booktitle = {Proc. of European Conference on Object-Oriented Programming (ECOOP), Finland},
 year = {1997},
 }

@inproceedings{postsharp,
 author = {Gael Fraiteur},
 title = {{U}ser-friendly aspects with compile-time imperative semantics in .{NET}: an overview of {P}ost{S}harp},
 booktitle = {International Conference on Aspect-Oriented Software Development},
location = {Brussels, Belgium},
 year = {2008},
 }

@mastersthesis{aspectcs,
	author = {Howard Kim},
	title = {{A}spect{C}\#: {A}n {AOSD} implementation for {C}\#},
	school = {Trinity College Dublin},
	year = {2002},
}


@inproceedings{aopcs,
 author = {Prasad, M. Devi and B. D. Chaudhary},
 title = {{AOP} {S}upport for {C}\#},
 booktitle = {Proc. of Second International Conference on Aspect-Oriented Software Development},
location = {Massachusetts, Boston},
 year = {2003},
 pages = {49-53},
 }

@article{rewrite_msil,
 author = {Mikunov, Aleksandr},
 title = {{R}ewrite {MSIL} {C}ode on the {F}ly with the .{NET} {F}ramework {P}roÔ¨Åling {API}},
 journal = {MSDN Magazine},
 year = {2003},
 doi = {http://msdn.microsoft.com/en-us/magazine/cc188743.aspx},
 }

@misc{delphi_prism2010,
 author = {},
 title = {{C}irrus - {T}he {O}xygene {L}anguage {W}iki}, 
 howpublished = {\url{http://wiki.oxygenelanguage.com/en/Cirrus}}, 
 note = {Accessed: 07/16/2012},
}

@misc{aspectj_faq,
 author = {The Eclipse Foundation},
 title = {{A}spect{J} {F}requently {A}sked {Q}uestions}, 
 howpublished = {\url{http://www.eclipse.org/aspectj/doc/released/faq.php}}, 
 note = {Accessed: 07/19/2012},
}

@inproceedings{eos,
 author = {Hridesh Rajan, Kevin Sullivan},
 title = {{A}spect {L}anguage {F}eatures for {C}oncern {C}overage {P}rofiling},
 booktitle = {Proc. of Fourth International Conference on Aspect-Oriented Software Development (AOSD 2005)},
location = {Chicago, IL, USA},
 year = {2005},
 }

@misc{eos_site,
 author = {Hridesh Rajan, Kevin Sullivan},
 title = {{E}os}, 
 howpublished = {\url{http://www.cs.virginia.edu/~eos}}, 
 note = {Accessed: 07/20/2012},
}


@book{aspectj_text,
 author = {Ramnivas Ladda},
 title = {{A}spectj in {A}ction: {E}nterprise {AOP} with {S}pring {A}pplications},
 year = {2009},
 month = {October},
 isbn = {978-1933988054},
 publisher = {Manning Publications},
 edition = {Second},
 }

@book{mastermind_text,
 author = {Federico Biancuzzi Chromatic},
 title = {{M}asterminds of {P}rogramming: {C}onversations with the {C}reators of {M}ajor {P}rogramming {L}anguages},
 year = {2009},
 month = {April},
 isbn = {978-0596515171},
 publisher = {O'Reilly Media},
 edition = {First},
 }

@book{msil_text,
 author = {Serge Lidin},
 title = {{E}xpert .{NET} 2.0 {IL} {A}ssembler},
 year = {2006},
 month = {August},
 isbn = {978-1590596464},
 publisher = {Apress},
 edition = {First},
 }
