@inproceedings{aop,
 author = {Gregor Kiczales, John Lamping, et al.},
 title = {{A}spect-{O}riented {P}rogramming},
 booktitle = {Proc. of European Conference on Object-Oriented Programming (ECOOP), Finland},
 year = {1997},
 }

@inproceedings{postsharp,
 author = {Gael Fraiteur},
 title = {{U}ser-friendly aspects with compile-time imperative semantics in .{NET}: an overview of {P}ost{S}harp},
 booktitle = {International Conference on Aspect-Oriented Software Development},
location = {Brussels, Belgium},
 year = {2008},
 }

@mastersthesis{aspectcs,
	author = {Howard Kim},
	title = {{A}spect{C}\#: {A}n {AOSD} implementation for {C}\#},
	school = {Trinity College Dublin},
	year = {2002},
}


@inproceedings{aopcs,
 author = {Prasad, M. Devi and B. D. Chaudhary},
 title = {{AOP} {S}upport for {C}\#},
 booktitle = {Proc. of Second International Conference on Aspect-Oriented Software Development},
location = {Massachusetts, Boston},
 year = {2003},
 pages = {49-53},
 }

@book{Silberschatz05-text,
 author = {Abraham Silberschatz and Henry Korth and S. Sudarshan},
 title = {Database Systems Concepts, 5th Ed.,},
 year = {2005},
 isbn = {0072958863},
 publisher = {McGraw Hill College Division},
 }


@book{ELmasri06-text,
 author = {Ramez Elmasri and Shamkant B. Navathe},
 title = {Fundamentals of Database Systems (5th Edition)},
 year = {2006},
 isbn = {0321369572},
 publisher = {Addison-Wesley Longman Publishing Co., Inc.},
 address = {Boston, MA, USA},
 }

@article{Ericson07-sigcse,
 author = {Barbara Ericson and Mark Guzdial and Maureen Biggers},
 title = {Improving secondary CS education: progress and problems},
 journal = {SIGCSE Bull.},
 volume = {39},
 number = {1},
 year = {2007},
 issn = {0097-8418},
 pages = {298--301},
 doi = {http://doi.acm.org/10.1145/1227504.1227416},
 publisher = {ACM},
 address = {New York, NY, USA},
 }

@inproceedings{Bayliss2008-sigcse,
 author = {Jessica Bayliss and Rajendra K. Raj and Jamie Cromack},
 title = {Using and Assessing Games and Robotics to Teach Introductory
                  Computing Concepts},
 booktitle = {SIGCSE '08 Workshop},
 year = {2008},
 location = {Portland, OR, USA},
 publisher = {ACM},
 address = {New York, NY, USA},
 }


@InProceedings{Dumont2007-robots,
  author = 	 {M. Dumont and I. Tewksbury and J. Bayliss and R. Raj},
  title = 	 {Games or Robots? Restoring Excitement to Introductory Computing},
  booktitle = {Robotics: Science and Systems Workshop on Research
                  in Robots for Education},
  year = 	 2007,
  address = 	 {Atlanta, GA}}
