@inproceedings{aop,
 author = {Gregor Kiczales, John Lamping, et al.},
 title = {{A}spect-{O}riented {P}rogramming},
 booktitle = {Proc. of European Conference on Object-Oriented Programming (ECOOP), Finland},
 year = {1997},
 }

@inproceedings{postsharp,
 author = {Gael Fraiteur},
 title = {{U}ser-friendly aspects with compile-time imperative semantics in .{NET}: an overview of {P}ost{S}harp},
 booktitle = {International Conference on Aspect-Oriented Software Development},
location = {Brussels, Belgium},
 year = {2008},
 }

@mastersthesis{aspectcs,
	author = {Howard Kim},
	title = {{A}spect{C}\#: {A}n {AOSD} implementation for {C}\#},
	school = {Trinity College Dublin},
	year = {2002},
}


@inproceedings{aopcs,
 author = {Prasad, M. Devi and B. D. Chaudhary},
 title = {{AOP} {S}upport for {C}\#},
 booktitle = {Proc. of Second International Conference on Aspect-Oriented Software Development},
location = {Massachusetts, Boston},
 year = {2003},
 pages = {49-53},
 }


@article{rewrite_msil,
 author = {Mikunov, Aleksandr},
 title = {{R}ewrite {MSIL} {C}ode on the {F}ly with the .{NET} {F}ramework {P}roÔ¨Åling {API}},
 journal = {MSDN Magazine},
 year = {2003},
 doi = {http://msdn.microsoft.com/en-us/magazine/cc188743.aspx},
 }
